@article{christensen2004approach,
  title={An approach to software architecture description using UML},
  author={Christensen, H and Corry, Aino and Hansen, K},
  journal={Technical Report},
  pages={271--350},
  year={2004},
  publisher={Citeseer}
}

@online{Wozniak_2022, 
    title={Security issues · Issue #87 · aske-w/itu-minitwit},
    url={https://github.com/aske-w/itu-minitwit/issues/87},
    journal={GitHub}, 
    publisher={github.com}, 
    author={Wozniak, Dawid}, 
    year={2022}, 
    month={04},
    note = {visited 10-May-2022}
}

@online{filebeat, 
    title={Lightweight shipper for logs},
    url={https://www.elastic.co/beats/filebeat},
    publisher={elastic.co}, 
    note = {visited 10-May-2022}
}

@online{kibana, 
    title={Your window into the Elastic Stack},
    url={https://www.elastic.co/kibana/},
    publisher={elastic.co}, 
    note = {visited 24-May-2022}
}

@online{elastic-log-rotation, 
    title={Configure Log Rotation Policies for Monitoring Services},
    url={https://docs.datafabric.hpe.com/62/AdministratorGuide/LogCollection_Rotation.html#:~:text=Elasticsearch\%20Log\%20Rotation\%20Policy,\%2Fetc\%2Felasticsearch\%2Flogging.},
    publisher={docs.datafabric.hpe.com}, 
    note = {visited 24-May-2022}
}

@online{elk-stack, 
    title={The ELK stack},
    url={https://aws.amazon.com/opensearch-service/the-elk-stack/#:~:text=The\%20ELK\%20stack\%20is\%20an,Elasticsearch\%2C\%20Logstash\%2C\%20and\%20Kibana.},
    publisher={aws.amazon.com}, 
    note = {visited 24-May-2022}
}

@online{filebeat-vs-logstash, 
    title={Filebeat vs. Logstash: The Evolution of a Log Shipper},
    url={https://logz.io/blog/filebeat-vs-logstash/},
    publisher={logz.io}, 
    author={Berman, Daniel}, 
    year={2020}, 
    month={02},
    note = {visited 24-May-2022}
}

@online{docker-swarm-docs,     
    url={https://docs.docker.com/engine/swarm/how-swarm-mode-works/services/#services-tasks-and-containers}, 
    journal={Docker Documentation},
    publisher={docs.docker.com},
    year={2022},
    month={05}, 
    note = {visited 24-May-2022} 
}

@BOOK{Kim2016-st,
  title     = "The {DevOPS} handbook",
  author    = "Kim, Gene and Willis, John and Debois, Patrick and Humble, Jez",
  publisher = "IT Revolution Press",
  month     =  dec,
  year      =  2016,
  address   = "Portland, OR"
}